<?xml version="1.0" encoding="UTF-8"?><record xmlns="http://www.loc.gov/MARC21/slim" xmlns:cinclude="http://apache.org/cocoon/include/1.0" xmlns:zs="http://www.loc.gov/zing/srw/">
  <leader>00469nz  a2200145n  4500</leader>
  <controlfield tag="001">no2007050119</controlfield>
  <controlfield tag="003">DLC</controlfield>
  <controlfield tag="005">20070507074751.0</controlfield>
  <controlfield tag="008">070505n| acannaabn           a ana     c</controlfield>
  <datafield tag="010" ind1=" " ind2=" ">
    <subfield code="a">no2007050119</subfield>
  </datafield>
  <datafield tag="035" ind1=" " ind2=" ">
    <subfield code="a">(OCoLC)oca07402690</subfield>
  </datafield>
  <datafield tag="040" ind1=" " ind2=" ">
    <subfield code="a">NIC</subfield>
    <subfield code="b">eng</subfield>
    <subfield code="c">NIC</subfield>
  </datafield>
  <datafield tag="110" ind1="2" ind2=" ">
    <subfield code="a">Daiichi Engei (Firm)</subfield>
  </datafield>
  <datafield tag="410" ind1="2" ind2=" ">
    <subfield code="a">Daiichi Seed Co., Ltd.</subfield>
  </datafield>
  <datafield tag="670" ind1=" " ind2=" ">
    <subfield code="a">Daiichi Engei (Firm) materials, 1952-1972:</subfield>
    <subfield code="b">various t.p. in catalog collection (Daiichi Engei, Tokyo, Japan ; Daiichi Seed Co., Ltd.)</subfield>
  </datafield>
</record>